@article{Cooper2018b,
author = {Cooper, Matthew and Raquet, John and Patton, Rick},
doi = {10.3390/photonics5020012},
issn = {2304-6732},
journal = {Photonics},
title = {{Range Information Characterization of the Hokuyo UST-20LX LIDAR Sensor}},
year = {2018}
}
@article{FILOTHEOU2023100288,
title = {Correspondenceless scan-to-map-scan matching of 2D panoramic range scans},
journal = {Array},
volume = {18},
pages = {100288},
year = {2023},
issn = {2590-0056},
doi = {https://doi.org/10.1016/j.array.2023.100288},
url = {https://www.sciencedirect.com/science/article/pii/S2590005623000139},
author = {Alexandros Filotheou and Andreas L. Symeonidis and Georgios D. Sergiadis and Antonis G. Dimitriou},
}
